<?xml version="1.0" encoding="UTF-8"?><collection xmlns="http://www.loc.gov/MARC21/slim"><record><leader>00394nam--2200133-i-4500</leader><controlfield tag="001">000007994</controlfield><controlfield tag="002">20161230</controlfield><controlfield tag="005">20161230201027</controlfield><controlfield tag="008">060222s1000------------r-----000-0-eng-d</controlfield><datafield ind1=" " ind2=" " tag="100"><subfield code="a">Dirac, P. A. M</subfield></datafield><datafield ind1=" " ind2=" " tag="245"><subfield code="a">Lectures on quantum field theory</subfield></datafield><datafield ind1=" " ind2=" " tag="260"><subfield code="a">New York, Belfer Graduate School Of Science, 1966</subfield></datafield><datafield ind1=" " ind2=" " tag="490"><subfield code="a">Belfer Graduate School Of Science, Monographie Series Nr.3</subfield></datafield><datafield ind1=" " ind2=" " tag="852"><subfield code="a">530.145</subfield></datafield></record></collection>